% Arch Linux
@misc{arch, title={Arch Linux}, url={https://archlinux.org}, year=2017}
% Atlassian
@misc{atlassian-bamboo, title={Bamboo}, url={https://de.atlassian.com/software/bamboo}, year=2017}
% AWS
@misc{aws, title={Amazon Web Services}, url={https://aws.amazon.com}, journal={Amazon Web Services, Inc}, year=2017}
@misc{aws-ec3-pricing, title={Preise für Amazon EC2 – AWS}, url={https://aws.amazon.com/de/ec2/pricing/}, journal={Amazon Web Services, Inc.}, year=2017}
@misc{aws-codepipe, title={AWS Codepipeline}, url={https://aws.amazon.com/de/codepipeline/}, year=2017}
% Bootstrap
@misc{bootstrap, title={Bootstrap}, url={http://getbootstrap.com}, journal={Bootstrap},year = 2017}
@misc{bootstrap-doc, title={Bootstrap - Introduction}, url={https://v4-alpha.getbootstrap.com/getting-started/introduction}, journal={Bootstrap}, year=2017}
% Certbot
@misc{certbot,title = {Certbot},url = {https://certbot.eff.org},journal={Certbot},  year = 2017}
% Couchbase
@misc{couch-webinar,title={Couchbase - Youtube}, url={https://www.youtube.com/user/CouchbaseVideo/featured},publisher={YouTube}, year=2017}
@misc{chromium, title={Chromium}, url={https://www.chromium.org}, year=2017}
@misc{chromium-blink, title={Blink - The Chromium Projects}, url={https://www.chromium.org/blink}, year=2017}
% Docker
@misc{docker, title={Docker}, url={https://www.docker.com/}, year=2017}
@misc{docker-getstarted, title={Docker Getting Started}, url={https://docs.docker.com/get-started/}, year=2017}
@misc{docker-registry, title={Docker Registry}, url={https://docs.docker.com/registry/}, year=2017}
% Electron
@misc{electron, title={Electron}, url={https://electron.atom.io}, publisher={GitHub}, year=2017}
@misc{electron-apps, title={Electron Apps}, url={https://electronjs.org/apps}, publisher={GitHub}, year=2017}
@misc{electron-docs, title={Electron Docs}, url={https://electron.atom.io/docs}, publisher={GitHub}, year=2017}
@misc{electron-quickstart, title={Quick Start}, url={https://electron.atom.io/docs/tutorial/quick-start}, journal={Electron}, publisher={GitHub}, year=2017}
@misc{electron-vs-nwjs, title={Electron}, url={https://electronjs.org/docs/development/atom-shell-vs-node-webkit}, year=2017}
% GitHub
@misc{gh-pages, title={GitHub Pages}, url={https://pages.github.com}, year=2017}
% Gründerservice
@misc{gruenderservice, title={Businessplan Runtastic}, url={https://www.gruenderservice.at/site/gruenderservice/planung/Businessplan_runtastic.pdf}, 
	publisher={Gründerservice}, year=2017}
% Jenkins
@misc{jenkins, title={Jenkins}, url={https://jenkins.io}, year=2017}
% Jetbrains
@misc{jetbrains-teamcity, title={TeamCity}, url={https://www.jetbrains.com/teamcity}, year=2017}
% Lets Encrypt
@misc{letsencrypt,title={Lets's Encrypt}, url={https://letsencrypt.org}, journal={Lets's Encrypt}, year=2017}
% Npm
@misc{npm, title={Node Package Manager}, url={https://npmjs.com}, year=2017}
% Qt
@misc{qt, title={Qt}, url={https://qt.io}, year = 2017}
% Socket.io
@misc{socketio, title={Socket.IO}, url={https://socket.io}, year=2017}
% Start Bootstrap
@misc{start-bootstrap, title={Start Boostrap}, url={https://startbootstrap.com}, year=2017}
@misc{start-bootstrap-agency, title={Agency - One Page Bootstrap Theme}, publisher={Start Boostrap}, url={https://startbootstrap.com/template-overviews/agency/}, year=2017}
@misc{start-bootstrap-creative, title={Creative - One Page Bootstrap Theme}, publisher={Start Boostrap}, url={https://startbootstrap.com/template-overviews/creative/}, year=2017}
@misc{tangiblejs-electron-vs-nwjs, title={NW.js and Electron Comparision}, url={http://tangiblejs.com/posts/nw-js-and-electron-compared-2016-edition}, year=2017}
% Threejs
@misc{threejs, title={three.js}, url={https://threejs.org}, year=2017}
% TileHub
@misc{tile-app, author={TileHub}, title={TileHub App}, url={https://git.tilehub.io/app}, year=2017}
@misc{tile-ciddoc, author={Markus Reichl}, title={Corporate Identity @TileHub}, url={https://git.tilehub.io/docs/tree/master/dist/richtlinien/cid}, year=2017}
@misc{tile-dok-app, author={Markus Reichl}, title={Frontend Applikation @TileHub}, url={https://git.tilehub.io/docs/tree/master/dist/dok/app}, year=2017}
@misc{tile-foerderantrag, author={Dragana Sunaric}, title={Förderantrag Technologenverband @TileHub}, url={https://gitlab.com/tilehub/docs/tree/master/src/marketing}, year=2017}
@misc{tile-couchbasedoc, author={Dragana Sunaric, Kevin Waldock}, title={Couchbase Technische Dokumentation @TileHub},
	url={https://git.tilehub.io/docs/tree/master/dist/dok/tile-dok-couchbase},year=2017}
@misc{tile-docs, author={TileHub}, title={Dokumentation @TileHub}, url={https://git.tilehub.io/docs}, year=2017}
@misc{tile-dockerimages, author={Maximilian Müller}, title={Docker images  @TileHub}, url={https://git.tilehub.com/docker-images}, year=2017}
@misc{tile-drive, title={Google Drive / TileHub}, url={drive.google.com}, publisher={Google}, year=2017}
@misc{tile-electrondoc, author = {Markus Reichl}, title = {Electron Technische Dokumentation @TileHub}, url = {https://git.tilehub.io/docs/tree/master/dist/dok/electron}, year=2017}
@misc{tile-evalapp, author = {Maximilian Müller, Markus Reichl}, title = {Evaluation der Applikation @TileHub}, url = {http://git.tilehub.io/eval/app}, year = 2017}
@misc{tile-evalsync, author = {Kevin Waldock}, title = {Evaluation von Frameworks zur Client Synchronisation @TileHub}, url = {https://git.tilehub.io/eval/snyc}, year = 2017}
@misc{tile-git, author={TileHub}, title={TileHub Git Service}, url={https://git.tilehub.io}, year=2017}
@misc{tile-gh-website, author={Markus Reichl}, title = {tilehub/tilehub.io}, url={https://github.com/tilehub/tilehub.io}, year=2017}
@misc{tile-jira, title={JIRA for Tilehub}, url={jira.tilehub.io}, year =2017}
@misc{tile-mapdoc, title={Tilemap Formate Technische Dokumentation @TileHub}, url={https://gitlab.com/tilehub/docs/blob/master/dist/dok/tile-dok-tilemap}, 
	author={Maximilian Müller}, year=2017}
@misc{tile-serverdoc, author={Maximilian Müller}, title={Server Technische Dokumentation @TileHub}, url={https://git.tilehub.io/docs/tree/master/dist/dok/tile-dok-server}, year=2017}
@misc{tile-rest, author = {Dragana Sunaric}, title = {Bereitstellung der REST Schnittstelle  @TileHub}, url = {https://gitlab.com/tilehub/rest}, year = 2017}
@misc{tile-ssldoc, author={Kevin Waldock}, title={SSL Technische Dokumentation @TileHub}, url={https://git.tilehub.io/docs/tree/master/dist/dok/tile-dok-ssl}, year=2017}
@misc{tile-zeitaufzeichnung,author={Dragana Sunaric},title={Excel-Zeitaufzeichnung @TileHub},url={https://docs.google.com/spreadsheets/d/1uLVBVG8uZntSIPSxPyvkNiplnMZS6AzWEuAAuSqYDxI/edit#gid=223184234}}
% Tiled
@misc{tiled, title={Mapeditor}, url={http://www.mapeditor.org/}, journal={Mapeditor},year = 2017}
@misc{tiled-tmx, title={TMX Map Format}, url={http://doc.mapeditor.org/en/latest/reference/tmx-map-format/}, year=2017}
@misc{tiled-tmx-support, title={TMX Support}, url={http://doc.mapeditor.org/en/latest/reference/support-for-tmx-maps/}, year=2017}
@misc{tiled-tmx-json, title={TMX JSON Map Format}, url={http://doc.mapeditor.org/en/latest/reference/json-map-format/}, year=2017}
@misc{tiled-tmx-js, title={TMX JS}, url={https://github.com/cdmckay/tmxjs}, journal={TMX js }, publisher={cdmckay}, year = 2017}
% Pixi
@misc{pixi, title={PixiJS}, url={http://www.pixijs.com}, year=2017}
@misc{pixituts, title={PixiJS Tutorials}, url={http://www.pixijs.com/tutorials}, year=2017}
@misc{pixiexamples, title={PixiJS Examples}, url={http://www.pixijs.com/examples}, year=2017}
@misc{pixidocs, title={PixiJS Documentation}, url={http://pixijs.download/dev/docs/index.html}, year=2017}
@misc{pixifaq, title={PixiJS FAQ}, url={https://github.com/pixijs/pixi.js/wiki/FAQs}, year=2017}
@misc{pixi-basic-example, title={Webpack Basisbeispiel}, url={http://pixijs.io/examples/#/basics/basic.js}, year=2017}
% React
@misc{react,title={React - A JavaScript library},url={https://reactjs.org},publisher={Facebook}, year=2017}
@misc{react-native, title={React Native}, url={https://facebook.github.io/react-native}, journal={React Native}, publisher={Facebook}, year=2017}
@misc{react-native-quickstart, title={Getting Started}, url={https://facebook.github.io/react-native/docs/getting-started.html}, 
	journal={React Native}, publisher={Facebook}, year=2017}
% Vue
@misc{vuejs, title={Vue.js}, url={https://vuejs.org}, year=2017}
@misc{vuejs-doc, title={Vue.js - Guide}, url={https://vuejs.org/v2/guide}, journal={Vue.js}, year=2017}
% Webpack
@misc{webpack, title={Webpack}, url={https://webpack.js.org/}, year=2017}
% Wikipedia
@misc{wiki-ci, title={Kontinuierliche Integration}, url={https://de.wikipedia.org/wiki/Kontinuierliche_Integration}, publisher={Wikipedia}, year=2017}
@misc{wiki-cd, title={Continuous Delivery}, url={https://de.wikipedia.org/wiki/Continuous_Delivery},publisher={Wikipedia}, year=2017}
@misc{wiki-webgl, title={WebGL}, url={https://de.wikipedia.org/wiki/WebGL},publisher={Wikipedia}, year=2017}

% Other
@misc{mappy, title={Mappy}, url={http://tilemap.co.uk/mappy.php}, year=2017}
@misc{gamedev, title={GameDev}, url={https://gamedev.sourceforge.net}, year=2017}
@misc{tilestudio, title={TileStudio}, url={https://tilestudio.sourceforge.net}, year=2017}
@misc{tutp-noderest, title={Node.js - RESTful API}, url={https://www.tutorialspoint.com/nodejs/nodejs_restful_api.htm}, publisher={TutorialsPoint}, year=2017}
@misc{gocd, title={Go CD}, url={https://www.gocd.org/}, year=2017}
@misc{gitlabci, title={GitLab CI}, url={https://about.gitlab.com/features/gitlab-ci-cd/}, year=2017}
